%YAML 1.1
%TAG !u! tag:unity3d.com,2011:
--- !u!1001 &100100000
Prefab:
  m_ObjectHideFlags: 1
  serializedVersion: 2
  m_Modification:
    m_TransformParent: {fileID: 0}
    m_Modifications: []
    m_RemovedComponents: []
  m_ParentPrefab: {fileID: 0}
  m_RootGameObject: {fileID: 1494452414248986}
  m_IsPrefabParent: 1
--- !u!1 &1071005857962130
GameObject:
  m_ObjectHideFlags: 1
  m_PrefabParentObject: {fileID: 0}
  m_PrefabInternal: {fileID: 100100000}
  serializedVersion: 5
  m_Component:
  - component: {fileID: 4925433146904510}
  m_Layer: 0
  m_Name: Foot_Left_jnt
  m_TagString: Untagged
  m_Icon: {fileID: 0}
  m_NavMeshLayer: 0
  m_StaticEditorFlags: 0
  m_IsActive: 1
--- !u!1 &1093806946782150
GameObject:
  m_ObjectHideFlags: 0
  m_PrefabParentObject: {fileID: 0}
  m_PrefabInternal: {fileID: 100100000}
  serializedVersion: 5
  m_Component:
  - component: {fileID: 4940938353388388}
  m_Layer: 0
  m_Name: Hips_jnt
  m_TagString: Untagged
  m_Icon: {fileID: 0}
  m_NavMeshLayer: 0
  m_StaticEditorFlags: 0
  m_IsActive: 1
--- !u!1 &1110345723902002
GameObject:
  m_ObjectHideFlags: 1
  m_PrefabParentObject: {fileID: 0}
  m_PrefabInternal: {fileID: 100100000}
  serializedVersion: 5
  m_Component:
  - component: {fileID: 4240860236398398}
  m_Layer: 0
  m_Name: Arm_Right_jnt
  m_TagString: Untagged
  m_Icon: {fileID: 0}
  m_NavMeshLayer: 0
  m_StaticEditorFlags: 0
  m_IsActive: 1
--- !u!1 &1141055492947872
GameObject:
  m_ObjectHideFlags: 1
  m_PrefabParentObject: {fileID: 0}
  m_PrefabInternal: {fileID: 100100000}
  serializedVersion: 5
  m_Component:
  - component: {fileID: 4426808645734710}
  m_Layer: 0
  m_Name: UpperLeg_Right_jnt
  m_TagString: Untagged
  m_Icon: {fileID: 0}
  m_NavMeshLayer: 0
  m_StaticEditorFlags: 0
  m_IsActive: 1
--- !u!1 &1165653698641846
GameObject:
  m_ObjectHideFlags: 1
  m_PrefabParentObject: {fileID: 0}
  m_PrefabInternal: {fileID: 100100000}
  serializedVersion: 5
  m_Component:
  - component: {fileID: 4464400206966998}
  m_Layer: 0
  m_Name: UpperLeg_Left_jnt
  m_TagString: Untagged
  m_Icon: {fileID: 0}
  m_NavMeshLayer: 0
  m_StaticEditorFlags: 0
  m_IsActive: 1
--- !u!1 &1230648561517036
GameObject:
  m_ObjectHideFlags: 1
  m_PrefabParentObject: {fileID: 0}
  m_PrefabInternal: {fileID: 100100000}
  serializedVersion: 5
  m_Component:
  - component: {fileID: 4663855447093622}
  m_Layer: 0
  m_Name: Spine_jnt
  m_TagString: Untagged
  m_Icon: {fileID: 0}
  m_NavMeshLayer: 0
  m_StaticEditorFlags: 0
  m_IsActive: 1
--- !u!1 &1287871328255782
GameObject:
  m_ObjectHideFlags: 1
  m_PrefabParentObject: {fileID: 0}
  m_PrefabInternal: {fileID: 100100000}
  serializedVersion: 5
  m_Component:
  - component: {fileID: 4039766277228822}
  m_Layer: 0
  m_Name: Toe_Left_jnt
  m_TagString: Untagged
  m_Icon: {fileID: 0}
  m_NavMeshLayer: 0
  m_StaticEditorFlags: 0
  m_IsActive: 1
--- !u!1 &1298615255257578
GameObject:
  m_ObjectHideFlags: 1
  m_PrefabParentObject: {fileID: 0}
  m_PrefabInternal: {fileID: 100100000}
  serializedVersion: 5
  m_Component:
  - component: {fileID: 4311131837949268}
  m_Layer: 0
  m_Name: LowerLeg_Right_jnt
  m_TagString: Untagged
  m_Icon: {fileID: 0}
  m_NavMeshLayer: 0
  m_StaticEditorFlags: 0
  m_IsActive: 1
--- !u!1 &1371421063528078
GameObject:
  m_ObjectHideFlags: 1
  m_PrefabParentObject: {fileID: 0}
  m_PrefabInternal: {fileID: 100100000}
  serializedVersion: 5
  m_Component:
  - component: {fileID: 4962188435653548}
  m_Layer: 0
  m_Name: Hand_Right_jnt
  m_TagString: Untagged
  m_Icon: {fileID: 0}
  m_NavMeshLayer: 0
  m_StaticEditorFlags: 0
  m_IsActive: 1
--- !u!1 &1406449116422016
GameObject:
  m_ObjectHideFlags: 1
  m_PrefabParentObject: {fileID: 0}
  m_PrefabInternal: {fileID: 100100000}
  serializedVersion: 5
  m_Component:
  - component: {fileID: 4552780112449244}
  m_Layer: 0
  m_Name: LowerLeg_Left_jnt
  m_TagString: Untagged
  m_Icon: {fileID: 0}
  m_NavMeshLayer: 0
  m_StaticEditorFlags: 0
  m_IsActive: 1
--- !u!1 &1442306927792056
GameObject:
  m_ObjectHideFlags: 1
  m_PrefabParentObject: {fileID: 0}
  m_PrefabInternal: {fileID: 100100000}
  serializedVersion: 5
  m_Component:
  - component: {fileID: 4716373038500704}
  m_Layer: 0
  m_Name: Spine_jnt 1
  m_TagString: Untagged
  m_Icon: {fileID: 0}
  m_NavMeshLayer: 0
  m_StaticEditorFlags: 0
  m_IsActive: 1
--- !u!1 &1444702691559770
GameObject:
  m_ObjectHideFlags: 1
  m_PrefabParentObject: {fileID: 0}
  m_PrefabInternal: {fileID: 100100000}
  serializedVersion: 5
  m_Component:
  - component: {fileID: 4886932550191304}
  m_Layer: 0
  m_Name: Hand_Left_jnt
  m_TagString: Untagged
  m_Icon: {fileID: 0}
  m_NavMeshLayer: 0
  m_StaticEditorFlags: 0
  m_IsActive: 1
--- !u!1 &1456741762417368
GameObject:
  m_ObjectHideFlags: 1
  m_PrefabParentObject: {fileID: 0}
  m_PrefabInternal: {fileID: 100100000}
  serializedVersion: 5
  m_Component:
  - component: {fileID: 4976378793326128}
  m_Layer: 0
  m_Name: Shoulder_Right_jnt
  m_TagString: Untagged
  m_Icon: {fileID: 0}
  m_NavMeshLayer: 0
  m_StaticEditorFlags: 0
  m_IsActive: 1
--- !u!1 &1479977422182088
GameObject:
  m_ObjectHideFlags: 1
  m_PrefabParentObject: {fileID: 0}
  m_PrefabInternal: {fileID: 100100000}
  serializedVersion: 5
  m_Component:
  - component: {fileID: 4750556082344452}
  m_Layer: 0
  m_Name: Chest_jnt
  m_TagString: Untagged
  m_Icon: {fileID: 0}
  m_NavMeshLayer: 0
  m_StaticEditorFlags: 0
  m_IsActive: 1
--- !u!1 &1494452414248986
GameObject:
  m_ObjectHideFlags: 0
  m_PrefabParentObject: {fileID: 0}
  m_PrefabInternal: {fileID: 100100000}
  serializedVersion: 5
  m_Component:
  - component: {fileID: 4438570585174418}
  - component: {fileID: 95055331070686984}
  m_Layer: 0
  m_Name: Medical Plant Character Official
  m_TagString: Untagged
  m_Icon: {fileID: 0}
  m_NavMeshLayer: 0
  m_StaticEditorFlags: 0
  m_IsActive: 1
--- !u!1 &1585874978613666
GameObject:
  m_ObjectHideFlags: 1
  m_PrefabParentObject: {fileID: 0}
  m_PrefabInternal: {fileID: 100100000}
  serializedVersion: 5
  m_Component:
  - component: {fileID: 4552060884292012}
  m_Layer: 0
  m_Name: Arm_Left_jnt
  m_TagString: Untagged
  m_Icon: {fileID: 0}
  m_NavMeshLayer: 0
  m_StaticEditorFlags: 0
  m_IsActive: 1
--- !u!1 &1600125851004904
GameObject:
  m_ObjectHideFlags: 1
  m_PrefabParentObject: {fileID: 0}
  m_PrefabInternal: {fileID: 100100000}
  serializedVersion: 5
  m_Component:
  - component: {fileID: 4903264188156878}
  m_Layer: 0
  m_Name: Toe_Right_jnt
  m_TagString: Untagged
  m_Icon: {fileID: 0}
  m_NavMeshLayer: 0
  m_StaticEditorFlags: 0
  m_IsActive: 1
--- !u!1 &1614561259909032
GameObject:
  m_ObjectHideFlags: 0
  m_PrefabParentObject: {fileID: 0}
  m_PrefabInternal: {fileID: 100100000}
  serializedVersion: 5
  m_Component:
  - component: {fileID: 4937931605519526}
  - component: {fileID: 137283036597939538}
  m_Layer: 0
  m_Name: SA_Char_Survivor_InjuredMan
  m_TagString: Untagged
  m_Icon: {fileID: 0}
  m_NavMeshLayer: 0
  m_StaticEditorFlags: 0
  m_IsActive: 1
--- !u!1 &1659346039901006
GameObject:
  m_ObjectHideFlags: 1
  m_PrefabParentObject: {fileID: 0}
  m_PrefabInternal: {fileID: 100100000}
  serializedVersion: 5
  m_Component:
  - component: {fileID: 4828991559559548}
  m_Layer: 0
  m_Name: Forearm_Left_jnt
  m_TagString: Untagged
  m_Icon: {fileID: 0}
  m_NavMeshLayer: 0
  m_StaticEditorFlags: 0
  m_IsActive: 1
--- !u!1 &1787769330586454
GameObject:
  m_ObjectHideFlags: 1
  m_PrefabParentObject: {fileID: 0}
  m_PrefabInternal: {fileID: 100100000}
  serializedVersion: 5
  m_Component:
  - component: {fileID: 4112868921653600}
  m_Layer: 0
  m_Name: Foot_Right_jnt
  m_TagString: Untagged
  m_Icon: {fileID: 0}
  m_NavMeshLayer: 0
  m_StaticEditorFlags: 0
  m_IsActive: 1
--- !u!1 &1889550122141168
GameObject:
  m_ObjectHideFlags: 1
  m_PrefabParentObject: {fileID: 0}
  m_PrefabInternal: {fileID: 100100000}
  serializedVersion: 5
  m_Component:
  - component: {fileID: 4619165110338946}
  m_Layer: 0
  m_Name: Forearm_Right_jnt
  m_TagString: Untagged
  m_Icon: {fileID: 0}
  m_NavMeshLayer: 0
  m_StaticEditorFlags: 0
  m_IsActive: 1
--- !u!1 &1891181090081616
GameObject:
  m_ObjectHideFlags: 1
  m_PrefabParentObject: {fileID: 0}
  m_PrefabInternal: {fileID: 100100000}
  serializedVersion: 5
  m_Component:
  - component: {fileID: 4482565059338514}
  m_Layer: 0
  m_Name: Head_jnt
  m_TagString: Untagged
  m_Icon: {fileID: 0}
  m_NavMeshLayer: 0
  m_StaticEditorFlags: 0
  m_IsActive: 1
--- !u!1 &1953663474170706
GameObject:
  m_ObjectHideFlags: 1
  m_PrefabParentObject: {fileID: 0}
  m_PrefabInternal: {fileID: 100100000}
  serializedVersion: 5
  m_Component:
  - component: {fileID: 4158620075023176}
  m_Layer: 0
  m_Name: Neck_jnt
  m_TagString: Untagged
  m_Icon: {fileID: 0}
  m_NavMeshLayer: 0
  m_StaticEditorFlags: 0
  m_IsActive: 1
--- !u!1 &1991710005863154
GameObject:
  m_ObjectHideFlags: 1
  m_PrefabParentObject: {fileID: 0}
  m_PrefabInternal: {fileID: 100100000}
  serializedVersion: 5
  m_Component:
  - component: {fileID: 4956822400743698}
  m_Layer: 0
  m_Name: Shoulder_Left_jnt
  m_TagString: Untagged
  m_Icon: {fileID: 0}
  m_NavMeshLayer: 0
  m_StaticEditorFlags: 0
  m_IsActive: 1
--- !u!4 &4039766277228822
Transform:
  m_ObjectHideFlags: 1
  m_PrefabParentObject: {fileID: 0}
  m_PrefabInternal: {fileID: 100100000}
  m_GameObject: {fileID: 1287871328255782}
  m_LocalRotation: {x: 6.1770826e-15, y: 1.466906e-16, z: -2.0040256e-16, w: 1}
  m_LocalPosition: {x: -6.7241143e-12, y: -0.1497335, z: 0.21969701}
  m_LocalScale: {x: 1, y: 1, z: 1}
  m_Children: []
  m_Father: {fileID: 4925433146904510}
  m_RootOrder: 0
  m_LocalEulerAnglesHint: {x: 0, y: 0, z: 0}
--- !u!4 &4112868921653600
Transform:
  m_ObjectHideFlags: 1
  m_PrefabParentObject: {fileID: 0}
  m_PrefabInternal: {fileID: 100100000}
  m_GameObject: {fileID: 1787769330586454}
  m_LocalRotation: {x: 0.4958342, y: 0.5067274, z: -0.49273258, w: 0.50456953}
  m_LocalPosition: {x: 0.388744, y: 8.1971365e-12, z: -3.69074e-11}
  m_LocalScale: {x: 1, y: 1, z: 1}
  m_Children:
  - {fileID: 4903264188156878}
  m_Father: {fileID: 4311131837949268}
  m_RootOrder: 0
  m_LocalEulerAnglesHint: {x: 0, y: 0, z: 0}
--- !u!4 &4158620075023176
Transform:
  m_ObjectHideFlags: 1
  m_PrefabParentObject: {fileID: 0}
  m_PrefabInternal: {fileID: 100100000}
  m_GameObject: {fileID: 1953663474170706}
  m_LocalRotation: {x: 6.938894e-18, y: 2.8864875e-32, z: -1.6653345e-15, w: 1}
  m_LocalPosition: {x: -0.22895189, y: 4.2216863e-16, z: 5.667284e-19}
  m_LocalScale: {x: 1, y: 1, z: 1}
  m_Children:
  - {fileID: 4482565059338514}
  m_Father: {fileID: 4750556082344452}
  m_RootOrder: 0
  m_LocalEulerAnglesHint: {x: 0, y: 0, z: 0}
--- !u!4 &4240860236398398
Transform:
  m_ObjectHideFlags: 1
  m_PrefabParentObject: {fileID: 0}
  m_PrefabInternal: {fileID: 100100000}
  m_GameObject: {fileID: 1110345723902002}
  m_LocalRotation: {x: -5.404528e-21, y: 5.170119e-19, z: 3.380434e-15, w: 1}
  m_LocalPosition: {x: -0.29249033, y: 1.9895197e-15, z: -0.0076430403}
  m_LocalScale: {x: 1, y: 1, z: 1}
  m_Children:
  - {fileID: 4619165110338946}
  m_Father: {fileID: 4976378793326128}
  m_RootOrder: 0
  m_LocalEulerAnglesHint: {x: 0, y: 0, z: 0}
--- !u!4 &4311131837949268
Transform:
  m_ObjectHideFlags: 1
  m_PrefabParentObject: {fileID: 0}
  m_PrefabInternal: {fileID: 100100000}
  m_GameObject: {fileID: 1298615255257578}
  m_LocalRotation: {x: -0.70410997, y: -0.000030960506, z: 0.00005181963, w: 0.71009094}
  m_LocalPosition: {x: 0.374522, y: 3.1974422e-16, z: -1.0987456e-12}
  m_LocalScale: {x: 1, y: 1, z: 1}
  m_Children:
  - {fileID: 4112868921653600}
  m_Father: {fileID: 4426808645734710}
  m_RootOrder: 0
  m_LocalEulerAnglesHint: {x: 0, y: 0, z: 0}
--- !u!4 &4426808645734710
Transform:
  m_ObjectHideFlags: 1
  m_PrefabParentObject: {fileID: 0}
  m_PrefabInternal: {fileID: 100100000}
  m_GameObject: {fileID: 1141055492947872}
  m_LocalRotation: {x: 0.9999078, y: 0.0005809014, z: -0.011708393, w: 0.006858115}
  m_LocalPosition: {x: 0.12891664, y: 0.22158809, z: 0.01786388}
  m_LocalScale: {x: 1, y: 1, z: 1}
  m_Children:
  - {fileID: 4311131837949268}
  m_Father: {fileID: 4940938353388388}
  m_RootOrder: 2
  m_LocalEulerAnglesHint: {x: 0, y: 0, z: 0}
--- !u!4 &4438570585174418
Transform:
  m_ObjectHideFlags: 1
  m_PrefabParentObject: {fileID: 0}
  m_PrefabInternal: {fileID: 100100000}
  m_GameObject: {fileID: 1494452414248986}
  m_LocalRotation: {x: -0, y: 0.86602515, z: -0, w: 0.5000004}
  m_LocalPosition: {x: 20.71, y: 0.030000001, z: -46.59}
  m_LocalScale: {x: 1, y: 1, z: 1}
  m_Children:
  - {fileID: 4940938353388388}
  - {fileID: 4937931605519526}
  m_Father: {fileID: 0}
  m_RootOrder: 0
  m_LocalEulerAnglesHint: {x: 0, y: 120.00001, z: 0}
--- !u!4 &4464400206966998
Transform:
  m_ObjectHideFlags: 1
  m_PrefabParentObject: {fileID: 0}
  m_PrefabInternal: {fileID: 100100000}
  m_GameObject: {fileID: 1165653698641846}
  m_LocalRotation: {x: -0.011695495, y: -0.00040235353, z: 0.9999314, w: 0.00046159793}
  m_LocalPosition: {x: 0.12891708, y: -0.221588, z: -0.017863873}
  m_LocalScale: {x: 1, y: 1, z: 1}
  m_Children:
  - {fileID: 4552780112449244}
  m_Father: {fileID: 4940938353388388}
  m_RootOrder: 1
  m_LocalEulerAnglesHint: {x: 0, y: 0, z: 0}
--- !u!4 &4482565059338514
Transform:
  m_ObjectHideFlags: 1
  m_PrefabParentObject: {fileID: 0}
  m_PrefabInternal: {fileID: 100100000}
  m_GameObject: {fileID: 1891181090081616}
  m_LocalRotation: {x: 6.938894e-18, y: 4.043851e-32, z: -0, w: 1}
  m_LocalPosition: {x: -0.08167417, y: -5.9802247e-16, z: -5.667284e-19}
  m_LocalScale: {x: 1, y: 1, z: 1}
  m_Children: []
  m_Father: {fileID: 4158620075023176}
  m_RootOrder: 0
  m_LocalEulerAnglesHint: {x: 0, y: 0, z: 0}
--- !u!4 &4552060884292012
Transform:
  m_ObjectHideFlags: 1
  m_PrefabParentObject: {fileID: 0}
  m_PrefabInternal: {fileID: 100100000}
  m_GameObject: {fileID: 1585874978613666}
  m_LocalRotation: {x: 1, y: -2.6645353e-15, z: 6.8930056e-18, w: -6.123234e-17}
  m_LocalPosition: {x: 0.29249033, y: 2.5579537e-15, z: 0.0076430403}
  m_LocalScale: {x: 1, y: 1, z: 1}
  m_Children:
  - {fileID: 4828991559559548}
  m_Father: {fileID: 4956822400743698}
  m_RootOrder: 0
  m_LocalEulerAnglesHint: {x: 0, y: 0, z: 0}
--- !u!4 &4552780112449244
Transform:
  m_ObjectHideFlags: 1
  m_PrefabParentObject: {fileID: 0}
  m_PrefabInternal: {fileID: 100100000}
  m_GameObject: {fileID: 1406449116422016}
  m_LocalRotation: {x: -0.7075902, y: 0.0000064468913, z: -0.0000061459123, w: 0.706623}
  m_LocalPosition: {x: -0.37452164, y: 7.105427e-17, z: 1.110223e-18}
  m_LocalScale: {x: 1, y: 1, z: 1}
  m_Children:
  - {fileID: 4925433146904510}
  m_Father: {fileID: 4464400206966998}
  m_RootOrder: 0
  m_LocalEulerAnglesHint: {x: 0, y: 0, z: 0}
--- !u!4 &4619165110338946
Transform:
  m_ObjectHideFlags: 1
  m_PrefabParentObject: {fileID: 0}
  m_PrefabInternal: {fileID: 100100000}
  m_GameObject: {fileID: 1889550122141168}
  m_LocalRotation: {x: 6.115525e-17, y: 5.4370443e-17, z: 4.718448e-15, w: 1}
  m_LocalPosition: {x: -0.47118998, y: -2.8421708e-15, z: -6.4665146e-18}
  m_LocalScale: {x: 1, y: 1, z: 1}
  m_Children:
  - {fileID: 4962188435653548}
  m_Father: {fileID: 4240860236398398}
  m_RootOrder: 0
  m_LocalEulerAnglesHint: {x: 0, y: 0, z: 0}
--- !u!4 &4663855447093622
Transform:
  m_ObjectHideFlags: 1
  m_PrefabParentObject: {fileID: 0}
  m_PrefabInternal: {fileID: 100100000}
  m_GameObject: {fileID: 1230648561517036}
  m_LocalRotation: {x: 6.938804e-18, y: 3.5268067e-20, z: 1.0568803e-15, w: 1}
  m_LocalPosition: {x: -0.019048661, y: -5.158743e-16, z: 6.2692085e-18}
  m_LocalScale: {x: 1, y: 1, z: 1}
  m_Children:
  - {fileID: 4716373038500704}
  m_Father: {fileID: 4940938353388388}
  m_RootOrder: 0
  m_LocalEulerAnglesHint: {x: 0, y: 0, z: 0}
--- !u!4 &4716373038500704
Transform:
  m_ObjectHideFlags: 1
  m_PrefabParentObject: {fileID: 0}
  m_PrefabInternal: {fileID: 100100000}
  m_GameObject: {fileID: 1442306927792056}
  m_LocalRotation: {x: 6.938894e-18, y: 3.8368136e-33, z: -1.6102571e-15, w: 1}
  m_LocalPosition: {x: -0.3360725, y: 3.7261742e-16, z: 2.3643465e-18}
  m_LocalScale: {x: 1, y: 1, z: 1}
  m_Children:
  - {fileID: 4750556082344452}
  m_Father: {fileID: 4663855447093622}
  m_RootOrder: 0
  m_LocalEulerAnglesHint: {x: 0, y: 0, z: 0}
--- !u!4 &4750556082344452
Transform:
  m_ObjectHideFlags: 1
  m_PrefabParentObject: {fileID: 0}
  m_PrefabInternal: {fileID: 100100000}
  m_GameObject: {fileID: 1479977422182088}
  m_LocalRotation: {x: 6.938894e-18, y: 1.6165774e-32, z: -1.6653345e-16, w: 1}
  m_LocalPosition: {x: -0.33425274, y: -1.2999511e-15, z: -2.3643465e-18}
  m_LocalScale: {x: 1, y: 1, z: 1}
  m_Children:
  - {fileID: 4158620075023176}
  - {fileID: 4956822400743698}
  - {fileID: 4976378793326128}
  m_Father: {fileID: 4716373038500704}
  m_RootOrder: 0
  m_LocalEulerAnglesHint: {x: 0, y: 0, z: 0}
--- !u!4 &4828991559559548
Transform:
  m_ObjectHideFlags: 1
  m_PrefabParentObject: {fileID: 0}
  m_PrefabInternal: {fileID: 100100000}
  m_GameObject: {fileID: 1659346039901006}
  m_LocalRotation: {x: -1.6562998e-32, y: 6.938894e-18, z: -2.3869795e-15, w: 1}
  m_LocalPosition: {x: 0.471188, y: -2.842171e-16, z: 5.1165055e-17}
  m_LocalScale: {x: 1, y: 1, z: 1}
  m_Children:
  - {fileID: 4886932550191304}
  m_Father: {fileID: 4552060884292012}
  m_RootOrder: 0
  m_LocalEulerAnglesHint: {x: 0, y: 0, z: 0}
--- !u!4 &4886932550191304
Transform:
  m_ObjectHideFlags: 1
  m_PrefabParentObject: {fileID: 0}
  m_PrefabInternal: {fileID: 100100000}
  m_GameObject: {fileID: 1444702691559770}
  m_LocalRotation: {x: -1.7658669e-13, y: 1, z: -7.2736614e-16, w: -2.3110496e-15}
  m_LocalPosition: {x: 0.4403, y: 0, z: 4.781051e-17}
  m_LocalScale: {x: 1, y: 1, z: 1}
  m_Children: []
  m_Father: {fileID: 4828991559559548}
  m_RootOrder: 0
  m_LocalEulerAnglesHint: {x: 0, y: 0, z: 0}
--- !u!4 &4903264188156878
Transform:
  m_ObjectHideFlags: 1
  m_PrefabParentObject: {fileID: 0}
  m_PrefabInternal: {fileID: 100100000}
  m_GameObject: {fileID: 1600125851004904}
  m_LocalRotation: {x: 8.7732285e-15, y: 1.4235312e-17, z: -2.9758814e-16, w: 1}
  m_LocalPosition: {x: -0.000003490797, y: 0.1497333, z: -0.21969701}
  m_LocalScale: {x: 1, y: 1, z: 1}
  m_Children: []
  m_Father: {fileID: 4112868921653600}
  m_RootOrder: 0
  m_LocalEulerAnglesHint: {x: 0, y: 0, z: 0}
--- !u!4 &4925433146904510
Transform:
  m_ObjectHideFlags: 1
  m_PrefabParentObject: {fileID: 0}
  m_PrefabInternal: {fileID: 100100000}
  m_GameObject: {fileID: 1071005857962130}
  m_LocalRotation: {x: 0.50674546, y: 0.49426782, z: -0.50519735, w: 0.4936436}
  m_LocalPosition: {x: -0.38874373, y: -1.7208457e-17, z: 7.342464e-12}
  m_LocalScale: {x: 1, y: 1, z: 1}
  m_Children:
  - {fileID: 4039766277228822}
  m_Father: {fileID: 4552780112449244}
  m_RootOrder: 0
  m_LocalEulerAnglesHint: {x: 0, y: 0, z: 0}
--- !u!4 &4937931605519526
Transform:
  m_ObjectHideFlags: 1
  m_PrefabParentObject: {fileID: 0}
  m_PrefabInternal: {fileID: 100100000}
  m_GameObject: {fileID: 1614561259909032}
  m_LocalRotation: {x: 0, y: 0, z: 0, w: 1}
  m_LocalPosition: {x: 0, y: 0, z: 0}
  m_LocalScale: {x: 1, y: 1, z: 1}
  m_Children: []
  m_Father: {fileID: 4438570585174418}
  m_RootOrder: 1
  m_LocalEulerAnglesHint: {x: 0, y: 0, z: 0}
--- !u!4 &4940938353388388
Transform:
  m_ObjectHideFlags: 1
  m_PrefabParentObject: {fileID: 0}
  m_PrefabInternal: {fileID: 100100000}
  m_GameObject: {fileID: 1093806946782150}
  m_LocalRotation: {x: 0, y: 0, z: -0.7071068, w: 0.7071068}
  m_LocalPosition: {x: 3.6272008e-16, y: 1.0449876, z: -6.2692085e-18}
  m_LocalScale: {x: 1, y: 1, z: 1}
  m_Children:
  - {fileID: 4663855447093622}
  - {fileID: 4464400206966998}
  - {fileID: 4426808645734710}
  m_Father: {fileID: 4438570585174418}
  m_RootOrder: 0
  m_LocalEulerAnglesHint: {x: 0, y: 0, z: 0}
--- !u!4 &4956822400743698
Transform:
  m_ObjectHideFlags: 1
  m_PrefabParentObject: {fileID: 0}
  m_PrefabInternal: {fileID: 100100000}
  m_GameObject: {fileID: 1991710005863154}
  m_LocalRotation: {x: -0.7071068, y: 0.7071068, z: 4.8258825e-17, w: -3.8336787e-17}
  m_LocalPosition: {x: -0.21910845, y: -0.27274165, z: 0.0076430403}
  m_LocalScale: {x: 1, y: 1, z: 1}
  m_Children:
  - {fileID: 4552060884292012}
  m_Father: {fileID: 4750556082344452}
  m_RootOrder: 1
  m_LocalEulerAnglesHint: {x: 0, y: 0, z: 0}
--- !u!4 &4962188435653548
Transform:
  m_ObjectHideFlags: 1
  m_PrefabParentObject: {fileID: 0}
  m_PrefabInternal: {fileID: 100100000}
  m_GameObject: {fileID: 1371421063528078}
  m_LocalRotation: {x: 1.4483431e-13, y: 1, z: -1.1714554e-15, w: 1.7466294e-15}
  m_LocalPosition: {x: -0.4403, y: -4.8316907e-15, z: -6.0425866e-18}
  m_LocalScale: {x: 1, y: 1, z: 1}
  m_Children: []
  m_Father: {fileID: 4619165110338946}
  m_RootOrder: 0
  m_LocalEulerAnglesHint: {x: 0, y: 0, z: 0}
--- !u!4 &4976378793326128
Transform:
  m_ObjectHideFlags: 1
  m_PrefabParentObject: {fileID: 0}
  m_PrefabInternal: {fileID: 100100000}
  m_GameObject: {fileID: 1456741762417368}
  m_LocalRotation: {x: -0.7071068, y: 0.7071068, z: 4.8258825e-17, w: -3.8336787e-17}
  m_LocalPosition: {x: -0.21910845, y: 0.27274165, z: -0.0076430403}
  m_LocalScale: {x: 1, y: 1, z: 1}
  m_Children:
  - {fileID: 4240860236398398}
  m_Father: {fileID: 4750556082344452}
  m_RootOrder: 2
  m_LocalEulerAnglesHint: {x: 0, y: 0, z: 0}
--- !u!95 &95055331070686984
Animator:
  serializedVersion: 3
  m_ObjectHideFlags: 1
  m_PrefabParentObject: {fileID: 0}
  m_PrefabInternal: {fileID: 100100000}
  m_GameObject: {fileID: 1494452414248986}
  m_Enabled: 1
  m_Avatar: {fileID: 9000000, guid: dbbc53a6bc8f5c64bb234194ce1380aa, type: 3}
  m_Controller: {fileID: 9100000, guid: afec2cc25e3439e4bb1b43e7c09f6503, type: 2}
  m_CullingMode: 1
  m_UpdateMode: 0
  m_ApplyRootMotion: 1
  m_LinearVelocityBlending: 0
  m_WarningMessage: 
  m_HasTransformHierarchy: 1
  m_AllowConstantClipSamplingOptimization: 1
--- !u!137 &137283036597939538
SkinnedMeshRenderer:
  m_ObjectHideFlags: 1
  m_PrefabParentObject: {fileID: 0}
  m_PrefabInternal: {fileID: 100100000}
  m_GameObject: {fileID: 1614561259909032}
  m_Enabled: 1
  m_CastShadows: 1
  m_ReceiveShadows: 1
  m_DynamicOccludee: 1
  m_MotionVectors: 1
  m_LightProbeUsage: 1
  m_ReflectionProbeUsage: 1
  m_Materials:
  - {fileID: 2100000, guid: 1e309550b4cf2bb44bf90b600ffb9723, type: 2}
  m_StaticBatchInfo:
    firstSubMesh: 0
    subMeshCount: 0
  m_StaticBatchRoot: {fileID: 0}
  m_ProbeAnchor: {fileID: 0}
  m_LightProbeVolumeOverride: {fileID: 0}
  m_ScaleInLightmap: 1
  m_PreserveUVs: 0
  m_IgnoreNormalsForChartDetection: 0
  m_ImportantGI: 0
  m_StitchLightmapSeams: 0
  m_SelectedEditorRenderState: 3
  m_MinimumChartSize: 4
  m_AutoUVMaxDistance: 0.5
  m_AutoUVMaxAngle: 89
  m_LightmapParameters: {fileID: 0}
  m_SortingLayerID: 0
  m_SortingLayer: 0
  m_SortingOrder: 0
  serializedVersion: 2
  m_Quality: 0
  m_UpdateWhenOffscreen: 0
  m_SkinnedMotionVectors: 1
  m_Mesh: {fileID: 4300074, guid: dbbc53a6bc8f5c64bb234194ce1380aa, type: 3}
  m_Bones:
  - {fileID: 4940938353388388}
  - {fileID: 4464400206966998}
  - {fileID: 4552780112449244}
  - {fileID: 4925433146904510}
  - {fileID: 4039766277228822}
  - {fileID: 4426808645734710}
  - {fileID: 4311131837949268}
  - {fileID: 4112868921653600}
  - {fileID: 4903264188156878}
  - {fileID: 4663855447093622}
  - {fileID: 4716373038500704}
  - {fileID: 4750556082344452}
  - {fileID: 4976378793326128}
  - {fileID: 4240860236398398}
  - {fileID: 4619165110338946}
  - {fileID: 4962188435653548}
  - {fileID: 4956822400743698}
  - {fileID: 4552060884292012}
  - {fileID: 4828991559559548}
  - {fileID: 4886932550191304}
  - {fileID: 4158620075023176}
  - {fileID: 4482565059338514}
  m_BlendShapeWeights: []
  m_RootBone: {fileID: 4940938353388388}
  m_AABB:
    m_Center: {x: -0.36837792, y: 0.0000017285347, z: 0.0016335845}
    m_Extent: {x: 1.4135954, y: 1.6845057, z: 0.35555047}
  m_DirtyAABB: 0
